@book{Allard67,
	Author = {Allard, R.W.},
	Publisher = { Ediciones Omega},
	Title = {Principios de la mejora genética de las plantas},
	Year = 1967}}

@Article{Crossaetal1990,
     author = {Crossa, J. and Gauch, H.G. and Zobel, R.W.},
     title = {Additive main effects and
multiplicative interaction analysis of two international maize cultivar trials.},
     journal = {Crop Science},
     year = {1990},
     volume = {30},
     pages = {493--500}}


@Article{GauchZobel1997,
     author = {Gauch, H.G. and Zobel, R.W.},
     title = {Identifying mega-environments and targeting genotypes.},
     journal = {Crop Science},
     year = {1997},
     volume = {37},
     pages = {311–-326}}

@Article{Yanetal2000,
      author = {Yan, W. and Hunt, L. A. and Sheng, Q. and Szlavnics, Z.},
       title = {Cultivar evaluation and mega-environment investigation based on the {GGE} biplot.},
     journal = {Crop Science},
     year = {2000},
     volume = {40},
     pages = {597–-605}
}

 @Manual{Hadley2019,
    title = {devtools: Tools to Make Developing R Packages Easier},
    author = {Hadley, W. and Hester, J. and Chang, W.},
    year = {2019},
    note = {R package version 2.1.0},
    url = {https://CRAN.R-project.org/package=devtools},
}
  
@Manual{Hadley20192,
    title = {usethis: Automate Package and Project Setup},
    author = {Hadley, W. and Bryan, J.},
    year = {2019},
    note = {R package version 1.5.1},
    url = {https://CRAN.R-project.org/package=usethis},
}